@phdthesis{ongaro2014consensus,
  title={Consensus: Bridging theory and practice},
  author={Ongaro, Diego},
  year={2014},
  school={Stanford University}
}